<record><leader>00000cas a2200000 a 4500</leader><controlfield tag="001">9962193</controlfield><controlfield tag="008">830929d18301835ohuwr n       0    0eng c</controlfield><datafield ind1=" " ind2=" " tag="010"><subfield code="a">sn 84028695 </subfield></datafield><datafield ind1=" " ind2=" " tag="040"><subfield code="a">CRL</subfield><subfield code="b">eng</subfield><subfield code="c">CRL</subfield><subfield code="d">NPY</subfield><subfield code="d">NPX</subfield><subfield code="d">ONP</subfield><subfield code="d">KNP</subfield><subfield code="d">NYG</subfield><subfield code="d">NVH</subfield><subfield code="d">ONP</subfield><subfield code="d">OCL</subfield><subfield code="d">ATL</subfield><subfield code="d">KRTAS</subfield><subfield code="d">OCLCQ</subfield><subfield code="d">OCLCF</subfield><subfield code="d">OCLCO</subfield></datafield><datafield ind1="1" ind2=" " tag="029"><subfield code="a">AU@</subfield><subfield code="b">000020121416</subfield></datafield><datafield ind1=" " ind2=" " tag="042"><subfield code="a">pcc</subfield></datafield><datafield ind1=" " ind2=" " tag="043"><subfield code="a">n-us---</subfield><subfield code="a">n-us-oh</subfield></datafield><datafield ind1=" " ind2="4" tag="050"><subfield code="a">BX8901</subfield></datafield><datafield ind1="0" ind2=" " tag="130"><subfield code="a">Cincinnati journal (Cincinnati, Ohio : 1830)</subfield></datafield><datafield ind1="1" ind2="0" tag="245"><subfield code="a">Cincinnati journal.</subfield></datafield><datafield ind1=" " ind2=" " tag="260"><subfield code="a">Cincinnati [Ohio] :</subfield><subfield code="b">Robinson &amp; Fairbank,</subfield><subfield code="c">1830-1835.</subfield></datafield><datafield ind1=" " ind2=" " tag="300"><subfield code="a">6 v.</subfield></datafield><datafield ind1=" " ind2=" " tag="310"><subfield code="a">Weekly</subfield></datafield><datafield ind1="0" ind2=" " tag="362"><subfield code="a">Vol. 3, no. 25 (Dec. 31, 1830)-v. 8, no. 43 (Oct. 23, 1835) = whole no. 129-whole no. 380.</subfield></datafield><datafield ind1=" " ind2=" " tag="515"><subfield code="a">Vol. 4 had only 25 issues.</subfield></datafield><datafield ind1=" " ind2=" " tag="530"><subfield code="a">Also issued on microfilm by American Theological Library Association.</subfield></datafield><datafield ind1=" " ind2=" " tag="580"><subfield code="a">Merged with: Western luminary (Lexington, Ky.), to form: Cincinnati journal &amp; western luminary.</subfield></datafield><datafield ind1=" " ind2="0" tag="650"><subfield code="a">Presbyterian Church</subfield><subfield code="v">Newspapers.</subfield></datafield><datafield ind1=" " ind2="0" tag="651"><subfield code="a">Cincinnati (Ohio)</subfield><subfield code="v">Newspapers.</subfield></datafield><datafield ind1=" " ind2="0" tag="651"><subfield code="a">Hamilton County (Ohio)</subfield><subfield code="v">Newspapers.</subfield></datafield><datafield ind1=" " ind2="7" tag="655"><subfield code="a">Newspapers.</subfield><subfield code="2">fast</subfield><subfield code="0">(OCoLC)fst01423814</subfield></datafield><datafield ind1=" " ind2="7" tag="650"><subfield code="a">Presbyterian Church.</subfield><subfield code="2">fast</subfield><subfield code="0">(OCoLC)fst01075515</subfield></datafield><datafield ind1=" " ind2="7" tag="651"><subfield code="a">Ohio</subfield><subfield code="z">Cincinnati.</subfield><subfield code="2">fast</subfield><subfield code="0">(OCoLC)fst01205142</subfield></datafield><datafield ind1=" " ind2="7" tag="651"><subfield code="a">Ohio</subfield><subfield code="z">Hamilton County.</subfield><subfield code="2">fast</subfield><subfield code="0">(OCoLC)fst01205597</subfield></datafield><datafield ind1=" " ind2=" " tag="752"><subfield code="a">United States</subfield><subfield code="b">Ohio</subfield><subfield code="c">Hamilton</subfield><subfield code="d">Cincinnati.</subfield></datafield><datafield ind1="1" ind2=" " tag="776"><subfield code="c">Microfilm</subfield><subfield code="d">American Theological Library Association</subfield><subfield code="w">(DLC)   00221520</subfield><subfield code="w">(OCoLC)44424080</subfield></datafield><datafield ind1="0" ind2="0" tag="780"><subfield code="t">Cincinnati Christian journal, and religious intelligencer</subfield><subfield code="w">(DLC)sn 85034426</subfield><subfield code="w">(OCoLC)12848699</subfield></datafield><datafield ind1="1" ind2="7" tag="785"><subfield code="t">Western luminary (Lexington, Ky.)</subfield><subfield code="w">(DLC)   82014150</subfield><subfield code="w">(OCoLC)8784535</subfield></datafield><datafield ind1="1" ind2="7" tag="785"><subfield code="t">Cincinnati journal &amp; western luminary</subfield><subfield code="w">(DLC)sn 84028696</subfield><subfield code="w">(OCoLC)11520607</subfield></datafield><datafield ind1=" " ind2=" " tag="938"><subfield code="a">Kirtas Technologies, Inc.</subfield><subfield code="b">KRTS</subfield><subfield code="n">737505</subfield></datafield></record>